@article{DBLP:journals/air/SinghKS22,
  author       = {Bharat Singh and
                  Rajesh Kumar and
                  Vinay Pratap Singh},
  title        = {Reinforcement learning in robotic applications: a comprehensive survey},
  journal      = {Artif. Intell. Rev.},
  volume       = {55},
  number       = {2},
  pages        = {945--990},
  year         = {2022},
  url          = {https://doi.org/10.1007/s10462-021-09997-9},
  doi          = {10.1007/S10462-021-09997-9},
  timestamp    = {Fri, 31 Mar 2023 10:36:02 +0200},
  biburl       = {https://dblp.org/rec/journals/air/SinghKS22.bib},
  bibsource    = {dblp computer science bibliography, https://dblp.org}
}

@article{DBLP:journals/artmed/CoronatoNPP20,
  author       = {Antonio Coronato and
                  Muddasar Naeem and
                  Giuseppe De Pietro and
                  Giovanni Paragliola},
  title        = {Reinforcement learning for intelligent healthcare applications: {A}
                  survey},
  journal      = {Artif. Intell. Medicine},
  volume       = {109},
  pages        = {101964},
  year         = {2020},
  url          = {https://doi.org/10.1016/j.artmed.2020.101964},
  doi          = {10.1016/J.ARTMED.2020.101964},
  timestamp    = {Tue, 07 May 2024 20:25:50 +0200},
  biburl       = {https://dblp.org/rec/journals/artmed/CoronatoNPP20.bib},
  bibsource    = {dblp computer science bibliography, https://dblp.org}
}

@article{DBLP:journals/comsur/LuongHGNWLK19,
  author       = {Nguyen Cong Luong and
                  Dinh Thai Hoang and
                  Shimin Gong and
                  Dusit Niyato and
                  Ping Wang and
                  Ying{-}Chang Liang and
                  Dong In Kim},
  title        = {Applications of Deep Reinforcement Learning in Communications and
                  Networking: {A} Survey},
  journal      = {{IEEE} Commun. Surv. Tutorials},
  volume       = {21},
  number       = {4},
  pages        = {3133--3174},
  year         = {2019},
  url          = {https://doi.org/10.1109/COMST.2019.2916583},
  doi          = {10.1109/COMST.2019.2916583},
  timestamp    = {Thu, 09 Apr 2020 17:12:36 +0200},
  biburl       = {https://dblp.org/rec/journals/comsur/LuongHGNWLK19.bib},
  bibsource    = {dblp computer science bibliography, https://dblp.org}
}